@manual{Bockhorn,
	author = {Lina Bockhorn},
	title = {Untersuchung des fraktionalen Quanten-Hall-Effektes – Praktikum},
	organization = {Institut für Festkörperphysik der Gottfried Wilhelm Leibniz Universität Hannover},
	year = 2009,
	note = {{\url{http://www.fkp.uni-hannover.de/versuche.html#qhe}}},
}
